<record><leader>00000cas a22000007a 4500</leader><controlfield tag="001">16973152</controlfield><controlfield tag="008">871112d19722008paubx ne      0   a0eng d</controlfield><datafield ind1=" " ind2=" " tag="010"><subfield code="a">sn 89005928 </subfield></datafield><datafield ind1=" " ind2=" " tag="040"><subfield code="a">PBU</subfield><subfield code="b">eng</subfield><subfield code="c">PBU</subfield><subfield code="d">NSD</subfield><subfield code="d">DLC</subfield><subfield code="d">OCLCQ</subfield><subfield code="d">OCLCF</subfield><subfield code="d">OCLCO</subfield></datafield><datafield ind1=" " ind2=" " tag="012"><subfield code="m">d</subfield></datafield><datafield ind1="0" ind2=" " tag="022"><subfield code="a">1044-7563</subfield><subfield code="l">1044-7563</subfield><subfield code="2">1</subfield></datafield><datafield ind1="1" ind2=" " tag="029"><subfield code="a">AU@</subfield><subfield code="b">000025805391</subfield></datafield><datafield ind1=" " ind2=" " tag="037"><subfield code="b">Bucknell World, Cooley Hall, Bucknell University, Lewisburg, PA 17837</subfield></datafield><datafield ind1=" " ind2=" " tag="042"><subfield code="a">nsdp</subfield><subfield code="a">msc</subfield></datafield><datafield ind1="1" ind2="0" tag="082"><subfield code="a">378</subfield><subfield code="2">11</subfield></datafield><datafield ind1=" " ind2=" " tag="090"><subfield code="a">AP2</subfield><subfield code="b">.B84</subfield></datafield><datafield ind1="0" ind2=" " tag="210"><subfield code="a">Bucknell world</subfield></datafield><datafield ind1=" " ind2="0" tag="222"><subfield code="a">Bucknell world</subfield></datafield><datafield ind1="0" ind2="0" tag="245"><subfield code="a">Bucknell world.</subfield></datafield><datafield ind1=" " ind2=" " tag="260"><subfield code="a">Lewisburg, Pa. :</subfield><subfield code="b">Bucknell University,</subfield><subfield code="c">1972-</subfield></datafield><datafield ind1=" " ind2=" " tag="300"><subfield code="a">v. :</subfield><subfield code="b">ill. ;</subfield><subfield code="c">38 cm.</subfield></datafield><datafield ind1=" " ind2=" " tag="310"><subfield code="a">Six no. a year,</subfield><subfield code="b">&lt;Mar. 1989-&gt;</subfield></datafield><datafield ind1=" " ind2=" " tag="321"><subfield code="a">Eight no. a year in Jan., Mar., Apr., May, July, Sept., Oct. &amp; Nov.,</subfield><subfield code="b">July 1972-</subfield></datafield><datafield ind1="0" ind2=" " tag="362"><subfield code="a">Vol. 1, no. 1 (July 1972)-</subfield></datafield><datafield ind1=" " ind2=" " tag="500"><subfield code="a">Vol. 1, no. 1 was destroyed in the flood caused by Hurricane Agnes.  Its place in the series was taken by a special edition on the flood and its effects on Bucknell.</subfield></datafield><datafield ind1=" " ind2=" " tag="550"><subfield code="a">Published &lt;Mar. 1989-&gt; by the Division of University Relations.</subfield></datafield><datafield ind1=" " ind2=" " tag="500"><subfield code="a">Editors: (1972-July, 1976) William B. Weist; (1976-Aug. 1980) Bradley N. Tufts; (Sept. 1980) Robin Meredith; (Sept. 1981-     ) Marsha Scott Gori.</subfield></datafield><datafield ind1="2" ind2="0" tag="610"><subfield code="a">Bucknell University</subfield><subfield code="v">Periodicals.</subfield></datafield><datafield ind1="2" ind2="0" tag="610"><subfield code="a">Bucknell University</subfield><subfield code="x">Alumni and alumnae.</subfield></datafield><datafield ind1=" " ind2="7" tag="655"><subfield code="a">Periodicals.</subfield><subfield code="2">fast</subfield><subfield code="0">(OCoLC)fst01411641</subfield></datafield><datafield ind1="2" ind2="7" tag="610"><subfield code="a">Bucknell University.</subfield><subfield code="2">fast</subfield><subfield code="0">(OCoLC)fst00552153</subfield></datafield><datafield ind1=" " ind2="7" tag="650"><subfield code="a">Universities and colleges</subfield><subfield code="x">Alumni and alumnae.</subfield><subfield code="2">fast</subfield><subfield code="0">(OCoLC)fst01161636</subfield></datafield><datafield ind1="1" ind2=" " tag="700"><subfield code="a">Weist, William B.</subfield></datafield><datafield ind1="1" ind2=" " tag="700"><subfield code="a">Tufts, Bradley N.</subfield></datafield><datafield ind1="1" ind2=" " tag="700"><subfield code="a">Gori, Marcia Scott.</subfield></datafield><datafield ind1="2" ind2=" " tag="710"><subfield code="a">Bucknell University.</subfield><subfield code="b">Division of University Relations.</subfield></datafield><datafield ind1=" " ind2=" " tag="752"><subfield code="a">United States</subfield><subfield code="b">Pennsylvania</subfield><subfield code="c">Union</subfield><subfield code="d">Lewisburg.</subfield></datafield><datafield ind1="0" ind2="0" tag="780"><subfield code="t">Bucknell magazine</subfield><subfield code="x">1944-1940</subfield><subfield code="w">(DLC)  2008214157</subfield></datafield><datafield ind1=" " ind2=" " tag="936"><subfield code="a">Vol. 17, no. 3 (Mar. 1989) LIC</subfield></datafield></record>